@article{plamondon2000online,
  title={Online and off-line handwriting recognition: a comprehensive survey},
  author={Plamondon, R{\'e}jean and Srihari, Sargur N},
  journal={IEEE Transactions on pattern analysis and machine intelligence},
  volume={22},
  number={1},
  pages={63--84},
  year={2000},
  publisher={IEEE}
}

@incollection{bacstanlar2014introduction,
  title={Introduction to machine learning},
  author={Ba{\c{s}}tanlar, Yalin and {\"O}zuysal, Mustafa},
  booktitle={miRNomics: MicroRNA Biology and Computational Analysis},
  pages={105--128},
  year={2014},
  publisher={Springer}
}

@article{lecun1995learning,
  title={Learning algorithms for classification: A comparison on handwritten digit recognition},
  author={LeCun, Yann and Jackel, LD and Bottou, L{\'e}on and Cortes, Corinna and Denker, John S and Drucker, Harris and Guyon, Isabelle and Muller, UA and Sackinger, Eduard and Simard, Patrice and others},
  journal={Neural networks: the statistical mechanics perspective},
  volume={261},
  pages={276},
  year={1995},
  publisher={New York.}
}

@article{kotsiantis2007supervised,
  title={Supervised machine learning: A review of classification techniques},
  author={Kotsiantis, Sotiris B and Zaharakis, I and Pintelas, P},
  journal={Emerging artificial intelligence applications in computer engineering},
  volume={160},
  pages={3--24},
  year={2007}
}

@inproceedings{pal2009comparative,
  title={Comparative study of Devnagari handwritten character recognition using different feature and classifiers},
  author={Pal, Umapada and Wakabayashi, Tetsushi and Kimura, Fumitaka},
  booktitle={Document Analysis and Recognition, 2009. ICDAR'09. 10th International Conference on},
  pages={1111--1115},
  year={2009},
  organization={IEEE}
}


@book{schalkoff1989digital,
  title={Digital image processing and computer vision},
  author={Schalkoff, Robert J},
  volume={286},
  year={1989},
  publisher={Wiley New York}
}

@article{bouvrie2006notes,
  title={Notes on convolutional neural networks},
  author={Bouvrie, Jake},
  year={2006}
}

@ONLINE {mnistwiki,
    author = "Wikipedia",
    title  = "MNIST database",
    month  = "may",
    year   = "2018",
    url    = "https://en.wikipedia.org/wiki/MNIST_database"
}

@article{kussul2004improved,
  title={Improved method of handwritten digit recognition tested on MNIST database},
  author={Kussul, Ernst and Baidyk, Tatiana},
  journal={Image and Vision Computing},
  volume={22},
  number={12},
  pages={971--981},
  year={2004},
  publisher={Elsevier}
}

@misc{lecuncourant,
  title={Courant Institute, NYU Corinna Cortes, Google Labs, New York The MNIST database of handwritten digits},
  author={LeCun, Yann}
}

@article{pedregosa2011scikit,
  title={Scikit-learn: Machine learning in Python},
  author={Pedregosa, Fabian and Varoquaux, Ga{\"e}l and Gramfort, Alexandre and Michel, Vincent and Thirion, Bertrand and Grisel, Olivier and Blondel, Mathieu and Prettenhofer, Peter and Weiss, Ron and Dubourg, Vincent and others},
  journal={Journal of machine learning research},
  volume={12},
  number={Oct},
  pages={2825--2830},
  year={2011}
}

@article{walt2011numpy,
  title={The NumPy array: a structure for efficient numerical computation},
  author={Walt, St{\'e}fan van der and Colbert, S Chris and Varoquaux, Gael},
  journal={Computing in Science \& Engineering},
  volume={13},
  number={2},
  pages={22--30},
  year={2011},
  publisher={IEEE}
}

@book{hackeling2014mastering,
  title={Mastering Machine Learning with scikit-learn},
  author={Hackeling, Gavin},
  year={2014},
  publisher={Packt Publishing Ltd}
}
@article{liaw2002classification,
  title={Classification and regression by randomForest},
  author={Liaw, Andy and Wiener, Matthew and others},
  journal={R news},
  volume={2},
  number={3},
  pages={18--22},
  year={2002}
}

@book{friedman2001elements,
  title={The elements of statistical learning},
  author={Friedman, Jerome and Hastie, Trevor and Tibshirani, Robert},
  volume={1},
  year={2001},
  publisher={Springer series in statistics New York}
}

@misc{ wiki:decisiontreelearning,
  author = {{Wikipedia}},
  title = "Decision tree learning",
  year = "2018",
  url = "http://en.wikipedia.org/w/index.php?title=Estimation_lemma&oldid=375747928",
  note = "[Online; accessed 05-June-2018]"
}